<?xml version="1.0" encoding="UTF-8"?><collection xmlns="http://www.loc.gov/MARC21/slim"><record><leader>00562nam--2200193-i-4500</leader><controlfield tag="001">000001586</controlfield><controlfield tag="002">20161230</controlfield><controlfield tag="005">20161230201024</controlfield><controlfield tag="008">060222s1000------------r-----000-0-rus-d</controlfield><datafield ind1=" " ind2=" " tag="040"><subfield code="a">IFIN-HH</subfield></datafield><datafield ind1=" " ind2=" " tag="041"><subfield code="a">rus</subfield></datafield><datafield ind1=" " ind2=" " tag="080"><subfield code="a">537.222.22:546.815</subfield></datafield><datafield ind1="1" ind2=" " tag="100"><subfield code="a">Ravici, Yu. I</subfield></datafield><datafield ind1="1" ind2="0" tag="245"><subfield code="a">Metodi issledovania poluprovodnikov v primenenii k halkogenidam svinta pbte, pbse i pbs</subfield><subfield code="c">Yu.i. ravici, b.a. efimova, i.a. smirnov</subfield></datafield><datafield ind1=" " ind2=" " tag="260"><subfield code="a">Moskva</subfield><subfield code="b">Nauka</subfield><subfield code="c">1968</subfield></datafield><datafield ind1=" " ind2=" " tag="300"><subfield code="a">383P</subfield></datafield><datafield ind1="1" ind2=" " tag="700"><subfield code="a">Smirnov, I.A</subfield></datafield><datafield ind1=" " ind2=" " tag="852"><subfield code="a">45722</subfield><subfield code="c">537.311.33</subfield></datafield><datafield ind1=" " ind2=" " tag="CAT"><subfield code="a">Sys</subfield><subfield code="c">20110725</subfield><subfield code="h">125903</subfield></datafield></record></collection>